<record><leader>00000cas a22000007a 4500</leader><controlfield tag="001">16717751</controlfield><controlfield tag="007">hd afu---baca</controlfield><controlfield tag="008">870918d19041906ctudr n a     0   c0rusod</controlfield><datafield ind1=" " ind2=" " tag="010"><subfield code="a">sn 87044211 </subfield></datafield><datafield ind1=" " ind2=" " tag="040"><subfield code="a">HLS</subfield><subfield code="b">eng</subfield><subfield code="c">HLS</subfield><subfield code="d">HUL</subfield><subfield code="d">OKU</subfield><subfield code="d">OCLCQ</subfield><subfield code="d">OCLCO</subfield><subfield code="d">OCLCF</subfield><subfield code="d">OCLCO</subfield><subfield code="d">OCLCQ</subfield></datafield><datafield ind1=" " ind2=" " tag="012"><subfield code="i">8709</subfield></datafield><datafield ind1=" " ind2=" " tag="042"><subfield code="a">msc</subfield></datafield><datafield ind1=" " ind2=" " tag="043"><subfield code="a">e-ru---</subfield></datafield><datafield ind1="0" ind2=" " tag="130"><subfield code="a">Nasha zhizn&#697; (Leningrad, R.S.F.S.R. : 1904)</subfield></datafield><datafield ind1="1" ind2="0" tag="245"><subfield code="a">Nasha zhizn&#697;</subfield></datafield><datafield ind1=" " ind2=" " tag="260"><subfield code="a">S-Peterburg :</subfield><subfield code="b">L.V. Khodskii&#774;</subfield></datafield><datafield ind1=" " ind2=" " tag="300"><subfield code="a">volumes</subfield></datafield><datafield ind1=" " ind2=" " tag="310"><subfield code="a">Daily</subfield></datafield><datafield ind1=" " ind2=" " tag="336"><subfield code="a">text</subfield><subfield code="b">txt</subfield><subfield code="2">rdacontent</subfield></datafield><datafield ind1=" " ind2=" " tag="337"><subfield code="a">microform</subfield><subfield code="b">h</subfield><subfield code="2">rdamedia</subfield></datafield><datafield ind1=" " ind2=" " tag="338"><subfield code="a">microfilm reel</subfield><subfield code="b">hd</subfield><subfield code="2">rdacarrier</subfield></datafield><datafield ind1="1" ind2=" " tag="362"><subfield code="a">Began with no. 1 (6 noi&#65056;a&#65057;bri&#65056;a&#65057; 1904) and ceased publication in 1906.</subfield><subfield code="z">Cf. Bibliografii&#65056;a&#65057; periodicheskikh izdanii&#774; Rossii 1901-1916.</subfield></datafield><datafield ind1=" " ind2=" " tag="500"><subfield code="a">Filmed with: Strana (Leningrad, R.S.F.S.R. : 1906).</subfield></datafield><datafield ind1=" " ind2=" " tag="515"><subfield code="a">During gap in publication between no. 349 (21 (15) dek. 1905) and no. 350 (22 i&#65056;a&#65057;nv. (4 fev. 1906), issues are numbered: no. 15 (1 (14) i&#65056;a&#65057;nv. 1906)-no. 31 (21 i&#65056;a&#65057;nv. (3. fev.) 1906) in continuation of the numbering of: Narodnoe khozi&#65056;a&#65057;i&#774;stvo, and have at head of title: Narodnoe khozi&#65056;a&#65057;i&#774;stvo.</subfield></datafield><datafield ind1=" " ind2=" " tag="588"><subfield code="a">Description based on: 1906, no. 15 (1. (14.)--i&#65056;a&#65057;nv. 1906 g.).</subfield></datafield><datafield ind1=" " ind2=" " tag="533"><subfield code="a">Microfilm.</subfield><subfield code="b">Woodbridge, Conn. :</subfield><subfield code="c">Research Publications, Inc.,</subfield><subfield code="d">[19--].</subfield><subfield code="e">microfilm reels ; 35 mm.</subfield><subfield code="f">(Newspapers from the Russian revolutionary era ; unit 3).</subfield></datafield><datafield ind1=" " ind2="0" tag="651"><subfield code="a">Saint Petersburg (Russia)</subfield><subfield code="v">Newspapers.</subfield></datafield><datafield ind1=" " ind2="7" tag="651"><subfield code="a">Russia (Federation)</subfield><subfield code="z">Saint Petersburg.</subfield><subfield code="2">fast</subfield><subfield code="0">(OCoLC)fst01212867</subfield></datafield><datafield ind1=" " ind2="7" tag="655"><subfield code="a">Newspapers.</subfield><subfield code="2">fast</subfield><subfield code="0">(OCoLC)fst01423814</subfield></datafield><datafield ind1="1" ind2=" " tag="787"><subfield code="t">Narodnoe khozi&#65056;a&#65057;i&#774;stvo (Leningrad, R.S.F.S.R. : 1905)</subfield></datafield><datafield ind1=" " ind2="0" tag="830"><subfield code="a">Newspapers from the Russian revolutionary era ;</subfield><subfield code="v">unit 3.</subfield></datafield><datafield ind1=" " ind2=" " tag="850"><subfield code="a">MH</subfield></datafield><datafield ind1="1" ind2=" " tag="029"><subfield code="a">AU@</subfield><subfield code="b">000025809051</subfield></datafield></record>